

@ARTICLE{SIMBAD,
       author = {{Wenger}, M. and {Ochsenbein}, F. and {Egret}, D. and {Dubois}, P. and {Bonnarel}, F. and {Borde}, S. and {Genova}, F. and {Jasniewicz}, G. and {Lalo{\"e}}, S. and {Lesteven}, S. and {Monier}, R.},
        title = "{The SIMBAD astronomical database. The CDS reference database for astronomical objects}",
      journal = {\aaps},
     keywords = {ASTRONOMICAL DATA BASES: MISCELLANEOUS, CATALOGS, Astrophysics},
         year = 2000,
        month = apr,
       volume = {143},
        pages = {9-22},
          doi = {10.1051/aas:2000332},
archivePrefix = {arXiv},
       eprint = {astro-ph/0002110},
 primaryClass = {astro-ph},
       adsurl = {https://ui.adsabs.harvard.edu/abs/2000A&AS..143....9W},
      adsnote = {Provided by the SAO/NASA Astrophysics Data System}
}

@ARTICLE{ALADIN,
       author = {{Bonnarel}, F. and {Fernique}, P. and {Bienaym{\'e}}, O. and {Egret}, D. and {Genova}, F. and {Louys}, M. and {Ochsenbein}, F. and {Wenger}, M. and {Bartlett}, J.~G.},
        title = "{The ALADIN interactive sky atlas. A reference tool for identification of astronomical sources}",
      journal = {\aaps},
     keywords = {ASTRONOMICAL DATA BASES: MISCELLANEOUS, CATALOGS, ATLASES, SURVEYS},
         year = 2000,
        month = apr,
       volume = {143},
        pages = {33-40},
          doi = {10.1051/aas:2000331},
       adsurl = {https://ui.adsabs.harvard.edu/abs/2000A&AS..143...33B},
      adsnote = {Provided by the SAO/NASA Astrophysics Data System}
}

@MISC{vizier,
        author = {{Ochsenbein}, F. et al.},
        title = "{The VizieR database of astronomical catalogues}",
        doi = {10.26093/cds/vizier}, 
}

@ARTICLE{ASASSN1,
       author = {{Shappee}, B.~J. and {Prieto}, J.~L. et al.},
        title = "{The Man behind the Curtain: X-Rays Drive the UV through NIR Variability in the 2013 Active Galactic Nucleus Outburst in NGC 2617}",
      journal = {\apj},
     keywords = {galaxies: active, galaxies: nuclei, galaxies: Seyfert, line: formation, line: profiles, Astrophysics - High Energy Astrophysical Phenomena, Astrophysics - Cosmology and Nongalactic Astrophysics},
         year = 2014,
        month = jun,
       volume = {788},
       number = {1},
          eid = {48},
        pages = {48},
          doi = {10.1088/0004-637X/788/1/48},
archivePrefix = {arXiv},
       eprint = {1310.2241},
 primaryClass = {astro-ph.HE},
       adsurl = {https://ui.adsabs.harvard.edu/abs/2014ApJ...788...48S},
      adsnote = {Provided by the SAO/NASA Astrophysics Data System}
}

@ARTICLE{ASASSN2,
       author = {{Kochanek}, C.~S. and {Shappee}, B.~J. and {Stanek}, K.~Z. and {Holoien}, T.~W. -S. and {Thompson}, Todd A. and {Prieto}, J.~L. and {Dong}, Subo and {Shields}, J.~V. and {Will}, D. and {Britt}, C. and {Perzanowski}, D. and {Pojma{\'n}ski}, G.},
        title = "{The All-Sky Automated Survey for Supernovae (ASAS-SN) Light Curve Server v1.0}",
      journal = {\pasp},
     keywords = {Astrophysics - Solar and Stellar Astrophysics, Astrophysics - Instrumentation and Methods for Astrophysics},
         year = 2017,
        month = oct,
       volume = {129},
       number = {980},
        pages = {104502},
          doi = {10.1088/1538-3873/aa80d9},
archivePrefix = {arXiv},
       eprint = {1706.07060},
 primaryClass = {astro-ph.SR},
       adsurl = {https://ui.adsabs.harvard.edu/abs/2017PASP..129j4502K},
      adsnote = {Provided by the SAO/NASA Astrophysics Data System}
}

@ARTICLE{ASTROQUERY,
       author = {{Ginsburg}, Adam and {Sip{\H{o}}cz}, Brigitta M. and {Brasseur}, C.~E. and {Astroquery Collaboration} and {a subset of astropy Collaboration} et al.},
        title = "{astroquery: An Astronomical Web-querying Package in Python}",
      journal = {\aj},
     keywords = {astronomical databases: miscellaneous, virtual observatory tools, Astrophysics - Instrumentation and Methods for Astrophysics},
         year = 2019,
        month = mar,
       volume = {157},
       number = {3},
          eid = {98},
        pages = {98},
          doi = {10.3847/1538-3881/aafc33},
archivePrefix = {arXiv},
       eprint = {1901.04520},
 primaryClass = {astro-ph.IM},
       adsurl = {https://ui.adsabs.harvard.edu/abs/2019AJ....157...98G},
      adsnote = {Provided by the SAO/NASA Astrophysics Data System}
}

@article{ASTROPY1,
Adsnote = {Provided by the SAO/NASA Astrophysics Data System},
Archiveprefix = {arXiv},
Author = {{Astropy Collaboration} and {Robitaille}, T.~P. and {Tollerud}, E.~J. and {Greenfield}, P. and et al. },
Doi = {10.1051/0004-6361/201322068},
Eid = {A33},
Eprint = {1307.6212},
Journal = {\aap},
Keywords = {methods: data analysis, methods: miscellaneous, virtual observatory tools},
Month = oct,
Pages = {A33},
Primaryclass = {astro-ph.IM},
Title = {{Astropy: A community Python package for astronomy}},
Volume = 558,
Year = 2013,
Bdsk-Url-1 = {https://dx.doi.org/10.1051/0004-6361/201322068}}

@ARTICLE{ASTROPY2,
       author = {{Astropy Collaboration} and {Price-Whelan}, A.~M. and
         {Sip{\H{o}}cz}, B.~M. and {G{\"u}nther}, H.~M. and {Astropy Contributors} et al.},
        title = "{The Astropy Project: Building an Open-science Project and Status of the v2.0 Core Package}",
      journal = {\aj},
     keywords = {methods: data analysis, methods: miscellaneous, methods: statistical, reference systems, Astrophysics - Instrumentation and Methods for Astrophysics},
         year = 2018,
        month = sep,
       volume = {156},
       number = {3},
          eid = {123},
        pages = {123},
          doi = {10.3847/1538-3881/aabc4f},
archivePrefix = {arXiv},
       eprint = {1801.02634},
 primaryClass = {astro-ph.IM},
       adsurl = {https://ui.adsabs.harvard.edu/abs/2018AJ....156..123A},
      adsnote = {Provided by the SAO/NASA Astrophysics Data System}
}

@ARTICLE{ASTROPY3,
       author = {{Astropy Collaboration} and {Price-Whelan}, Adrian M. and {Lim}, Pey Lian and {Earl}, Nicholas and {Astropy Project Contributors} et al.},
        title = "{The Astropy Project: Sustaining and Growing a Community-oriented Open-source Project and the Latest Major Release (v5.0) of the Core Package}",
      journal = {apj},
     keywords = {Astronomy software, Open source software, Astronomy data analysis, 1855, 1866, 1858, Astrophysics - Instrumentation and Methods for Astrophysics},
         year = 2022,
        month = aug,
       volume = {935},
       number = {2},
          eid = {167},
        pages = {167},
          doi = {10.3847/1538-4357/ac7c74},
archivePrefix = {arXiv},
       eprint = {2206.14220},
 primaryClass = {astro-ph.IM},
       adsurl = {https://ui.adsabs.harvard.edu/abs/2022ApJ...935..167A},
      adsnote = {Provided by the SAO/NASA Astrophysics Data System}
}

@Article{MATPLOTLIB,
  Author    = {Hunter, J. D.},
  Title     = {Matplotlib: A 2D graphics environment},
  Journal   = {Computing in Science \& Engineering},
  Volume    = {9},
  Number    = {3},
  Pages     = {90--95},
  abstract  = {Matplotlib is a 2D graphics package used for Python for
  application development, interactive scripting, and publication-quality
  image generation across user interfaces and operating systems.},
  publisher = {IEEE COMPUTER SOC},
  doi       = {10.1109/MCSE.2007.55},
  year      = 2007
}

@software{IMAGEMAGICK,
  author = {{ImageMagick Studio LLC}},
  title = {ImageMagick},
  url = {https://imagemagick.org},
  version = {7.0.10},
  date = {2023-01-04},
}

@INPROCEEDINGS{CFITSIO,
       author = {{Pence}, William},
        title = "{CFITSIO, v2.0: A New Full-Featured Data Interface}",
    booktitle = {Astronomical Data Analysis Software and Systems VIII},
         year = 1999,
       editor = {{Mehringer}, David M. and {Plante}, Raymond L. and {Roberts}, Douglas A.},
       series = {Astronomical Society of the Pacific Conference Series},
       volume = {172},
        month = jan,
        pages = {487},
       adsurl = {https://ui.adsabs.harvard.edu/abs/1999ASPC..172..487P},
      adsnote = {Provided by the SAO/NASA Astrophysics Data System}
}

@INPROCEEDINGS{AFTERGLOW,
       author = {{Spuck}, Timothy and {Reichart}, Daniel and {Haislip}, Josh and {Hammerman}, Jim and {Gustavson}, Kathleen and {Linder}, Tyler and {Meredith}, Kate and {Catricheo}, Yasmin and {Feranchak}, Bret and {Gasca}, Santiago and {Hochberg}, Eric and {Stefik}, Andreas},
        title = "{Making Image Analysis Accessible to the Blind: IDATA and the Afterglow Access Software}",
    booktitle = {American Astronomical Society Meeting Abstracts},
         year = 2022,
       series = {American Astronomical Society Meeting Abstracts},
       volume = {54},
        month = jun,
          eid = {229.05},
        pages = {229.05},
       adsurl = {https://ui.adsabs.harvard.edu/abs/2022AAS...24022905S},
      adsnote = {Provided by the SAO/NASA Astrophysics Data System}
}

@article{ZHANG,
doi = {10.1088/0004-6256/144/3/86},
url = {https://dx.doi.org/10.1088/0004-6256/144/3/86},
year = {2012},
month = {aug},
publisher = {The American Astronomical Society},
volume = {144},
number = {3},
pages = {86},
author = {X. B. Zhang and C. Q. Luo and J. N. Fu},
title = {B-TYPE VARIABLES IN THE YOUNG OPEN CLUSTER NGCÂ 457},
journal = {The Astronomical Journal},
}

@ARTICLE{MACIEJEWSKI,
       author = {{Maciejewski}, G. and {Bukowiecki}, L. and {Brozek}, T. and {Georgiev}, Ts. and {Boeva}, S. and {Kacharov}, N. and {Mihov}, B. and {Latev}, G. and {Ovcharov}, E. and {Valcheva}, A.},
        title = "{Variable stars in the field of the open cluster NGC 457}",
      journal = {Information Bulletin on Variable Stars},
     keywords = {Astrophysics},
         year = 2008,
        month = dec,
       volume = {5864},
        pages = {1},
          doi = {10.48550/arXiv.0711.4916},
archivePrefix = {arXiv},
       eprint = {0711.4916},
 primaryClass = {astro-ph},
       adsurl = {https://ui.adsabs.harvard.edu/abs/2008IBVS.5864....1M},
      adsnote = {Provided by the SAO/NASA Astrophysics Data System}
}

@article{ALFONSO,
	author = {{Alfonso-Garz\'on, J.} and {Domingo, A.} and {Mas-Hesse, J. M.} and {Gim\'enez, A.}},
	title = {The first INTEGRAL-OMC catalogue of optically variable sources},
	DOI= "10.1051/0004-6361/201220095",
	url= "https://doi.org/10.1051/0004-6361/201220095",
	journal = {A\&A},
	year = 2012,
	volume = 548,
	pages = "A79",
	month = "",
}

@INPROCEEDINGS{APASS,
       author = {{Henden}, Arne A. and {Levine}, Stephen and {Terrell}, Dirk and {Welch}, Douglas L.},
        title = "{APASS - The Latest Data Release}",
    booktitle = {American Astronomical Society Meeting Abstracts \#225},
         year = 2015,
       series = {American Astronomical Society Meeting Abstracts},
       volume = {225},
        month = jan,
          eid = {336.16},
        pages = {336.16},
       adsurl = {https://ui.adsabs.harvard.edu/abs/2015AAS...22533616H},
      adsnote = {Provided by the SAO/NASA Astrophysics Data System}
}

@article{SKELTON,
        author = {Skelton, P.L. and Smits, D.},
        year = {2009},
        month = {04},
        pages = {120-126},
        title = {Modelling of W UMa-type variable stars},
        volume = {105},
        journal = {South African Journal of Science},
        doi = {10.4102/sajs.v105i3/4.62}
}

@ARTICLE{QLP1,
       author = {{Huang}, Chelsea X. and {Vanderburg}, Andrew and {P{\'a}l}, Andras and {Sha}, Lizhou and {Yu}, Liang and {Fong}, Willie and {Fausnaugh}, Michael and {Shporer}, Avi and {Guerrero}, Natalia and {Vanderspek}, Roland and {Ricker}, George},
        title = "{Photometry of 10 Million Stars from the First Two Years of TESS Full Frame Images: Part II}",
      journal = {Research Notes of the American Astronomical Society},
     keywords = {Space telescopes, Transit photometry, Astronomy data analysis, 1547, 1709, 1858},
         year = 2020,
        month = nov,
       volume = {4},
       number = {11},
          eid = {206},
        pages = {206},
          doi = {10.3847/2515-5172/abca2d},
       adsurl = {https://ui.adsabs.harvard.edu/abs/2020RNAAS...4..206H},
      adsnote = {Provided by the SAO/NASA Astrophysics Data System}
}

@ARTICLE{QLP2,
       author = {{Huang}, Chelsea X. and {Vanderburg}, Andrew and {P{\'a}l}, Andras and {Sha}, Lizhou and {Yu}, Liang and {Fong}, Willie and {Fausnaugh}, Michael and {Shporer}, Avi and {Guerrero}, Natalia and {Vanderspek}, Roland and {Ricker}, George},
        title = "{Photometry of 10 Million Stars from the First Two Years of TESS Full Frame Images: Part I}",
      journal = {Research Notes of the American Astronomical Society},
     keywords = {Space observatories, Astronomy data analysis, 1543, 1858, Astrophysics - Earth and Planetary Astrophysics, Astrophysics - Instrumentation and Methods for Astrophysics, Astrophysics - Solar and Stellar Astrophysics},
         year = 2020,
        month = nov,
       volume = {4},
       number = {11},
          eid = {204},
        pages = {204},
          doi = {10.3847/2515-5172/abca2e},
archivePrefix = {arXiv},
       eprint = {2011.06459},
 primaryClass = {astro-ph.EP},
       adsurl = {https://ui.adsabs.harvard.edu/abs/2020RNAAS...4..204H},
      adsnote = {Provided by the SAO/NASA Astrophysics Data System}
}

@ARTICLE{PATHOS,
       author = {{Nardiello}, D. and {Borsato}, L. and {Piotto}, G. and {Colombo}, L.~S. and {Manthopoulou}, E.~E. and {Bedin}, L.~R. and {Granata}, V. and {Lacedelli}, G. and {Libralato}, M. and {Malavolta}, L. and {Montalto}, M. and {Nascimbeni}, V.},
        title = "{A PSF-based Approach to TESS High quality data Of Stellar clusters (PATHOS) - I. Search for exoplanets and variable stars in the field of 47 Tuc}",
      journal = {\mnras},
     keywords = {techniques: image processing, techniques: photometric, stars: variables: general, globular clusters: individual: NGC 104, Astrophysics - Solar and Stellar Astrophysics, Astrophysics - Earth and Planetary Astrophysics, Astrophysics - Astrophysics of Galaxies},
         year = 2019,
        month = dec,
       volume = {490},
       number = {3},
        pages = {3806-3823},
          doi = {10.1093/mnras/stz2878},
archivePrefix = {arXiv},
       eprint = {1910.03592},
 primaryClass = {astro-ph.SR},
       adsurl = {https://ui.adsabs.harvard.edu/abs/2019MNRAS.490.3806N},
      adsnote = {Provided by the SAO/NASA Astrophysics Data System}
}

@ARTICLE{CDIPS1},
       author = {{Bouma}, L.~G. and {Hartman}, J.~D. and {Bhatti}, W. and {Winn}, J.~N. and {Bakos}, G. {\'A}.},
        title = "{Cluster Difference Imaging Photometric Survey. I. Light Curves of Stars in Open Clusters from TESS Sectors 6 and 7}",
      journal = {\apjs},
     keywords = {Astronomy data reduction, Transit photometry, Stellar ages, Open star clusters, Stellar associations, Exoplanet evolution, Stellar rotation, Variable stars, Eclipsing binary stars, Time series analysis, 1861, 1709, 1581, 1160, 1582, 491, 1629, 1761, 444, 1916, Astrophysics - Solar and Stellar Astrophysics, Astrophysics - Earth and Planetary Astrophysics, Astrophysics - Astrophysics of Galaxies},
         year = 2019,
        month = nov,
       volume = {245},
       number = {1},
          eid = {13},
        pages = {13},
          doi = {10.3847/1538-4365/ab4a7e},
archivePrefix = {arXiv},
       eprint = {1910.01133},
 primaryClass = {astro-ph.SR},
       adsurl = {https://ui.adsabs.harvard.edu/abs/2019ApJS..245...13B},
      adsnote = {Provided by the SAO/NASA Astrophysics Data System}
}

@ARTICLE{CDIPS2,
       author = {{Bouma}, L.~G. and {Hartman}, J.~D. and {Brahm}, R. and {Evans}, P. and {Collins}, K.~A. and {Zhou}, G. and {Sarkis}, P. and {Quinn}, S.~N. and {de Leon}, J. and {Livingston}, J. and {Bergmann}, C. and {Stassun}, K.~G. and {Bhatti}, W. and {Winn}, J.~N. and {Bakos}, G. {\'A}. and {Abe}, L. and {Crouzet}, N. and {Dransfield}, G. and {Guillot}, T. and {Marie-Sainte}, W. and {M{\'e}karnia}, D. and {Triaud}, A.~H.~M.~J. and {Tinney}, C.~G. and {Henning}, T. and {Espinoza}, N. and {Jord{\'a}n}, A. and {Barbieri}, M. and {Nandakumar}, S. and {Trifonov}, T. and {Vines}, J.~I. and {Vuckovic}, M. and {Ziegler}, C. and {Law}, N. and {Mann}, A.~W. and {Ricker}, G.~R. and {Vanderspek}, R. and {Seager}, S. and {Jenkins}, J.~M. and {Burke}, C.~J. and {Dragomir}, D. and {Levine}, A.~M. and {Quintana}, E.~V. and {Rodriguez}, J.~E. and {Smith}, J.~C. and {Wohler}, B.},
        title = "{Cluster Difference Imaging Photometric Survey. II. TOI 837: A Young Validated Planet in IC 2602}",
      journal = {\aj},
     keywords = {Exoplanets, Transits, Exoplanet evolution, Stellar ages, Young star clusters, 498, 1711, 491, 1581, 1833, Astrophysics - Earth and Planetary Astrophysics, Astrophysics - Solar and Stellar Astrophysics},
         year = 2020,
        month = nov,
       volume = {160},
       number = {5},
          eid = {239},
        pages = {239},
          doi = {10.3847/1538-3881/abb9ab},
archivePrefix = {arXiv},
       eprint = {2009.07845},
 primaryClass = {astro-ph.EP},
       adsurl = {https://ui.adsabs.harvard.edu/abs/2020AJ....160..239B},
      adsnote = {Provided by the SAO/NASA Astrophysics Data System}
}

@ARTICLE{HUGHES,
       author = {{Hughes}, David W.},
        title = "{The Introduction of Absolute Magnitude (1902 - 1922)}",
      journal = {Journal of Astronomical History and Heritage},
     keywords = {stellar luminosity, parallax, absolute magnitude, H-R diagram},
         year = 2006,
        month = dec,
       volume = {9},
       number = {2},
        pages = {173-179},
       adsurl = {https://ui.adsabs.harvard.edu/abs/2006JAHH....9..173H},
      adsnote = {Provided by the SAO/NASA Astrophysics Data System}
}

@ARTICLE{VIZIER2,
       author = {{Ochsenbein}, F. and {Bauer}, P. and {Marcout}, J.},
        title = "{The VizieR database of astronomical catalogues}",
      journal = {\aaps},
     keywords = {ASTRONOMICAL DATA BASES: MISCELLANEOUS, CATALOGS, Astrophysics},
         year = 2000,
        month = apr,
       volume = {143},
        pages = {23-32},
          doi = {10.1051/aas:2000169},
archivePrefix = {arXiv},
       eprint = {astro-ph/0002122},
 primaryClass = {astro-ph},
       adsurl = {https://ui.adsabs.harvard.edu/abs/2000A&AS..143...23O},
      adsnote = {Provided by the SAO/NASA Astrophysics Data System}
}

@InProceedings{PANDAS,
  author    = {{W}es {M}c{K}inney },
  title     = {{D}ata {S}tructures for {S}tatistical {C}omputing in {P}ython },
  booktitle = {{P}roceedings of the 9th {P}ython in {S}cience {C}onference },
  pages     = {56 - 61 },
  year      = {2010 },
  editor    = {{S}t\'efan van der {W}alt and {J}arrod {M}illman },
  doi       = {10.25080/Majora-92bf1922-00a }
}

@ARTICLE{SCIPY,
  author  = {Virtanen, Pauli and Gommers, Ralf and Oliphant, Travis E. and
            Haberland, Matt and Reddy, Tyler and Cournapeau, David and
            Burovski, Evgeni and Peterson, Pearu and Weckesser, Warren and
            Bright, Jonathan and {van der Walt}, St{\'e}fan J. and
            Brett, Matthew and Wilson, Joshua and Millman, K. Jarrod and
            Mayorov, Nikolay and Nelson, Andrew R. J. and Jones, Eric and
            Kern, Robert and Larson, Eric and Carey, C J and
            Polat, {\.I}lhan and Feng, Yu and Moore, Eric W. and
            {VanderPlas}, Jake and Laxalde, Denis and Perktold, Josef and
            Cimrman, Robert and Henriksen, Ian and Quintero, E. A. and
            Harris, Charles R. and Archibald, Anne M. and
            Ribeiro, Ant{\^o}nio H. and Pedregosa, Fabian and
            {van Mulbregt}, Paul and {SciPy 1.0 Contributors}},
  title   = {{{SciPy} 1.0: Fundamental Algorithms for Scientific
            Computing in Python}},
  journal = {Nature Methods},
  year    = {2020},
  volume  = {17},
  pages   = {261--272},
  adsurl  = {https://rdcu.be/b08Wh},
  doi     = {10.1038/s41592-019-0686-2},
}

@Article{IPYTHON,
  Author    = {P\'erez, Fernando and Granger, Brian E.},
  Title     = {{IP}ython: a System for Interactive Scientific Computing},
  Journal   = {Computing in Science and Engineering},
  Volume    = {9},
  Number    = {3},
  Pages     = {21--29},
  month     = may,
  year      = 2007,
  url       = "https://ipython.org",
  ISSN      = "1521-9615",
  doi       = {10.1109/MCSE.2007.53},
  publisher = {IEEE Computer Society},
}

@Article{      NUMPY,
 title         = {Array programming with {NumPy}},
 author        = {Charles R. Harris and K. Jarrod Millman and St{\'{e}}fan J.
                 van der Walt and Ralf Gommers and Pauli Virtanen and David
                 Cournapeau and Eric Wieser and Julian Taylor and Sebastian
                 Berg and Nathaniel J. Smith and Robert Kern and Matti Picus
                 and Stephan Hoyer and Marten H. van Kerkwijk and Matthew
                 Brett and Allan Haldane and Jaime Fern{\'{a}}ndez del
                 R{\'{i}}o and Mark Wiebe and Pearu Peterson and Pierre
                 G{\'{e}}rard-Marchant and Kevin Sheppard and Tyler Reddy and
                 Warren Weckesser and Hameer Abbasi and Christoph Gohlke and
                 Travis E. Oliphant},
 year          = {2020},
 month         = sep,
 journal       = {Nature},
 volume        = {585},
 number        = {7825},
 pages         = {357--362},
 doi           = {10.1038/s41586-020-2649-2},
 publisher     = {Springer Science and Business Media {LLC}},
 url           = {https://doi.org/10.1038/s41586-020-2649-2}
}

@ARTICLE{CDIPS3,
       author = {{Bouma}, L.~G. and {Curtis}, J.~L. and {Masuda}, K. and {Hillenbrand}, L.~A. and {Stefansson}, G. and {Isaacson}, H. and {Narita}, N. and {Fukui}, A. and {Ikoma}, M. and {Tamura}, M. and {Kraus}, A.~L. and {Furlan}, E. and {Gnilka}, C.~L. and {Lester}, K.~V. and {Howell}, S.~B.},
        title = "{A 38 Million Year Old Neptune-sized Planet in the Kepler Field}",
      journal = {\aj},
     keywords = {491, 1160, 1581, Astrophysics - Earth and Planetary Astrophysics, Astrophysics - Astrophysics of Galaxies, Astrophysics - Solar and Stellar Astrophysics},
         year = 2022,
        month = mar,
       volume = {163},
       number = {3},
          eid = {121},
        pages = {121},
          doi = {10.3847/1538-3881/ac4966},
archivePrefix = {arXiv},
       eprint = {2112.14776},
 primaryClass = {astro-ph.EP},
       adsurl = {https://ui.adsabs.harvard.edu/abs/2022AJ....163..121B},
      adsnote = {Provided by the SAO/NASA Astrophysics Data System}
}


@ARTICLE{ASTROQUERY,
   author = {{Ginsburg}, A. and {Sip{\H o}cz}, B.~M. and {Brasseur}, C.~E. and
	{Cowperthwaite}, P.~S. and {Craig}, M.~W. and {Deil}, C. and
	{Guillochon}, J. and {Guzman}, G. and {Liedtke}, S. and {Lian Lim}, P. and
	{Lockhart}, K.~E. and {Mommert}, M. and {Morris}, B.~M. and
	{Norman}, H. and {Parikh}, M. and {Persson}, M.~V. and {Robitaille}, T.~P. and
	{Segovia}, J.-C. and {Singer}, L.~P. and {Tollerud}, E.~J. and
	{de Val-Borro}, M. and {Valtchanov}, I. and {Woillez}, J. and
	{The Astroquery collaboration} and {a subset of the astropy collaboration}
	},
    title = "{astroquery: An Astronomical Web-querying Package in Python}",
  journal = {\aj},
archivePrefix = "arXiv",
   eprint = {1901.04520},
 primaryClass = "astro-ph.IM",
 keywords = {astronomical databases: miscellaneous, virtual observatory tools},
     year = 2019,
    month = mar,
   volume = 157,
      eid = {98},
    pages = {98},
      doi = {10.3847/1538-3881/aafc33},
   adsurl = {http://adsabs.harvard.edu/abs/2019AJ....157...98G},
  adsnote = {Provided by the SAO/NASA Astrophysics Data System}
}

@misc{SDSS,
      title={SDSS-V: Pioneering Panoptic Spectroscopy}, 
      author={Juna A. Kollmeier and Gail Zasowski and Hans-Walter Rix and Matt Johns and Scott F. Anderson and Niv Drory and Jennifer A. Johnson and Richard W. Pogge and Jonathan C. Bird and Guillermo A. Blanc and Joel R. Brownstein and Jeffrey D. Crane and Nathan M. De Lee and Mark A. Klaene and Kathryn Kreckel and Nick MacDonald and Andrea Merloni and Melissa K. Ness and Thomas O'Brien and Jose R. Sanchez-Gallego and Conor C. Sayres and Yue Shen and Ani R. Thakar and Andrew Tkachenko and Conny Aerts and Michael R. Blanton and Daniel J. Eisenstein and Jon A. Holtzman and Dan Maoz and Kirpal Nandra and Constance Rockosi and David H. Weinberg and Jo Bovy and Andrew R. Casey and Julio Chaname and Nicolas Clerc and Charlie Conroy and Michael Eracleous and Boris T. GÃ¤nsicke and Saskia Hekker and Keith Horne and Jens Kauffmann and Kristen B. W. McQuinn and Eric W. Pellegrini and Eva Schinnerer and Edward F. Schlafly and Axel D. Schwope and Mark Seibert and Johanna K. Teske and Jennifer L. van Saders},
      year={2017},
      eprint={1711.03234},
      archivePrefix={arXiv},
      primaryClass={astro-ph.GA}
}

@misc{vsp,
  author = {Matt Craig and Sara Beck and Sebasti\'an Otero and Bert Pablo},
  title = {Variable Star Plotter},
  url = {http://aavso.org/vsp},
  year = 2023,
}
